@book{koza92,
		author    = "Koza, John R.",
		title     = "Genetic Programming: On the Programming of Computers by Means of Natural Selection",
		publisher = "MIT Press",
		year      = "1992"
}


@misc{ wiki:latex,
       author = "Wikipedia",
       title = "LaTeX --- Wikipedia{,} La enciclopedia libre",
       year = "2015",
       url = "https://es.wikipedia.org/w/index.php?title=LaTeX&oldid=84209252",
       note = "[Internet; descargado 30-septiembre-2015]"
}


@article{bortolot2005,
  title={Estimating forest biomass using small footprint LiDAR data: An individual tree-based approach that incorporates training data},
  author={Bortolot, Zachary J and Wynne, Randolph H},
  journal={ISPRS Journal of Photogrammetry and Remote Sensing},
  volume={59},
  number={6},
  pages={342--360},
  year={2005},
  publisher={Elsevier}
}

@misc{serieTemporal,
    author = "TIBCO",
    title = "¿Qué es el análisis de series temporales?",
    url = {https://www.tibco.com/es/reference-center/what-is-time-series-analysis},
    howpublished  = "\url{https://www.tibco.com/es/reference-center/what-is-time-series-analysis}"
}

@misc{diagramaSectores,
    author = "TIBCO",
    title = "¿Qué es el análisis de series temporales?",
    url = {https://docs.tibco.com/pub/spotfire\_server/10.3.8/doc/html/es-ES/TIB\_sfire-bauthor-consumer\_usersguide/GUID-3BCEF3C7-6670-4D1F-A030-512FF888A835.html},
    howpublished  = "\url{https://docs.tibco.com/pub/spotfire\_server/10.3.8/doc/html/es-ES/TIB\_sfire-bauthor-consumer\_usersguide/GUID-3BCEF3C7-6670-4D1F-A030-512FF888A835.html}"
}

@misc{diagramaLineas,
    author = "TIBCO",
    title = "¿Qué es el análisis de series temporales?",
    url = {https://docs.tibco.com/pub/spotfire\_server/10.3.8/doc/html/es-ES/TIB\_sfire-bauthor-consumer\_usersguide/GUID-1A8D130A-9AE2-42D3-A963-4C9A18390F53.html},
    howpublished  = "\url{https://docs.tibco.com/pub/spotfire\_server/10.3.8/doc/html/es-ES/TIB\_sfire-bauthor-consumer\_usersguide/GUID-1A8D130A-9AE2-42D3-A963-4C9A18390F53.html}"
}

@misc{analisisSentimientos,
    author = "Arimetrics",
    title = "Qué es Análisis de sentimiento",
    url = {https://www.arimetrics.com/glosario-digital/analisis-de-sentimiento},
    howpublished  = "\url{https://www.arimetrics.com/glosario-digital/analisis-de-sentimiento}"
}
@misc{api,
    author = "Arimetrics",
    title = "API",
    year = "2022",
    url = {https://www.edix.com/es/instituto/api/},
    howpublished  = "\url{https://www.edix.com/es/instituto/api/}"
}
@misc{apiTwitter,
    author = "Twitter",
    title = "Developer Platform",
    url = {https://developer.twitter.com/en/docs/platform-overview},
    howpublished  = "\url{https://developer.twitter.com/en/docs/platform-overview}"
}
@misc{apiEndpoint,
    author = "CloudFlare",
    title = "¿Qué es un punto final de API?",
    url = {https://www.cloudflare.com/es-es/learning/security/api/what-is-api-endpoint/},
    howpublished  = "\url{https://www.cloudflare.com/es-es/learning/security/api/what-is-api-endpoint/}"
}
@misc{URI,
    author = "IONOS",
    title = "URI: ¿qué es el identificador de recursos uniforme?",
    year = "2020",
    url = {https://www.ionos.es/digitalguide/paginas-web/desarrollo-web/uri-identificador-de-recursos-uniformes/},
    howpublished  = "\url{https://www.ionos.es/digitalguide/paginas-web/desarrollo-web/uri-identificador-de-recursos-uniformes/}"
}
@misc{BD,
    author = "Microsoft",
    title = "Conceptos básicos sobre bases de datos",
    url = {https://support.microsoft.com/es-es/office/conceptos-b\%C3\%A1sicos-sobre-bases-de-datos-a849ac16-07c7-4a31-9948-3c8c94a7c204},
    howpublished  = "\url{https://support.microsoft.com/es-es/office/conceptos-b\%C3\%A1sicos-sobre-bases-de-datos-a849ac16-07c7-4a31-9948-3c8c94a7c204}"
}
@misc{sql,
    author = "Datademia",
    title = "¿Qué es SQL?",
    url = {https://datademia.es/blog/que-es-sql},
    howpublished  = "\url{https://datademia.es/blog/que-es-sql}"
}
@misc{framework,
    author = "Edix",
    title = "Framework",
    year ="2022",
    url = {https://www.edix.com/es/instituto/framework/},
    howpublished  = "\url{https://www.edix.com/es/instituto/framework/}"
}
@misc{PaaS,
    author = "Google",
    title = "¿Qué es una plataforma como servicio (PaaS)?",
    url = {https://cloud.google.com/learn/what-is-paas?hl=es#:~:text=Plataforma\%20como\%20servicio\%20(PaaS)\%20es,\%2C\%20middleware\%2C\%20herramientas\%20y\%20m\%C3\%A1s.},
    howpublished  = "\url{https://cloud.google.com/learn/what-is-paas?hl=es#:~:text=Plataforma\%20como\%20servicio\%20(PaaS)\%20es,\%2C\%20middleware\%2C\%20herramientas\%20y\%20m\%C3\%A1s.}"
}
@misc{HTTP,
    author = "Universidad de Málaga",
    title = "El protocolo HTTP",
    url = {https://neo.lcc.uma.es/evirtual/cdd/tutorial/aplicacion/http.html},
    howpublished  = "\url{https://neo.lcc.uma.es/evirtual/cdd/tutorial/aplicacion/http.html}"
}
@misc{SentimentAnalysisSpanish,
    author = "PyPi",
    title = "sentiment-analysis-spanish 0.0.25",
    url = {https://pypi.org/project/sentiment-analysis-spanish/},
    howpublished  = "\url{https://pypi.org/project/sentiment-analysis-spanish/}"
}
