@book{koza92,
		author    = "Koza, John R.",
		title     = "Genetic Programming: On the Programming of Computers by Means of Natural Selection",
		publisher = "MIT Press",
		year      = "1992"
}


@misc{ wiki:latex,
       author = "Wikipedia",
       title = "LaTeX --- Wikipedia{,} La enciclopedia libre",
       year = "2015",
       url = "https://es.wikipedia.org/w/index.php?title=LaTeX&oldid=84209252",
       note = "[Internet; descargado 30-septiembre-2015]"
}
@misc{fachada,
    author = "juntadeandalucia",
    title = "Fachada",
    year = "2015",
    url = {https://www.juntadeandalucia.es/servicios/madeja/contenido/recurso/189},
    howpublished  = "\url{https://www.juntadeandalucia.es/servicios/madeja/contenido/recurso/189}"
}
@misc{BOE,
    author = "BOE",
    title = "BOLETÍN OFICIAL DEL ESTADO",
    year = "2018",
    url = {https://www.boe.es/boe/dias/2018/03/06/pdfs/BOE-A-2018-3156.pdf},
    howpublished  = "\url{https://www.boe.es/boe/dias/2018/03/06/pdfs/BOE-A-2018-3156.pdf}"
}
@misc{SeguridadSocial,
    author = "BOE",
    title = "Bases y tipos de cotización 2022",
    year = "2022",
    url = {http://www.seg-social.es/wps/portal/wss/internet/Trabajadores/CotizacionRecaudacionTrabajadores/36537},
    howpublished  = "\url{http://www.seg-social.es/wps/portal/wss/internet/Trabajadores/CotizacionRecaudacionTrabajadores/36537}"
}
@misc{GNU,
    author = "GNU",
    title = "The GNU General Public License",
    year = "2007",
    url = {https://www.gnu.org/licenses/gpl-3.0.html},
    howpublished  = "\url{https://www.gnu.org/licenses/gpl-3.0.html}"
}
@misc{BSD,
    author = "Wikipedia",
    title = "Licencia BSD",
    year = "2017",
    url = {https://wikis.fdi.ucm.es/ELP/Licencia_BSD},
    howpublished  = "\url{https://wikis.fdi.ucm.es/ELP/Licencia_BSD}"
}
@misc{BSD2,
    author = "Open Source",
    title = "The 2-Clause BSD License",
    url = {https://opensource.org/licenses/BSD-2-Clause},
    howpublished  = "\url{https://opensource.org/licenses/BSD-2-Clause}"
}
@misc{BSD3,
    author = "Open Source",
    title = "The 3-Clause BSD License",
    url = {https://opensource.org/licenses/BSD-3-Clause},
    howpublished  = "\url{https://opensource.org/licenses/BSD-3-Clause}"
}
@misc{LicenciaUso,
    author = "Twitter",
    title = "Twitter + Desarrolladores",
    url = {https://developer.twitter.com/es/developer-terms/policy},
    howpublished  = "\url{https://developer.twitter.com/es/developer-terms/policy}"
}
@misc{LicenciaServicio,
    author = "Heroku",
    title = "Salesforce.com License and Distribution Agreement for the Heroku Elements Marketplace",
     year = "2020",
    url = {https://www.heroku.com/policy/heroku-elements-licensing},
    howpublished  = "\url{https://www.heroku.com/policy/heroku-elements-licensing}"
}
@misc{LicenciaPostgreSQL,
    author = "PostgreSQL",
    title = "License",
     year = "2023",
    url = {https://www.postgresql.org/about/licence/},
    howpublished  = "\url{https://www.postgresql.org/about/licence/}"
}
@misc{MIT,
    author = "Open Source",
    title = "The MIT License",
    url = {https://opensource.org/licenses/MIT},
    howpublished  = "\url{https://opensource.org/licenses/MIT}"
}
@misc{LGPL,
    author = "Wikipedia",
    title = "GNU Lesser General Public License",
     year = "2022",
    url = {https://es.wikipedia.org/wiki/GNU_Lesser_General_Public_License},
    howpublished  = "\url{https://es.wikipedia.org/wiki/GNU_Lesser_General_Public_License}"
}
@misc{Apache,
    author = "Apache",
    title = "APACHE LICENSE, VERSION 2.0",
    year="2004",
    url = {https://www.apache.org/licenses/LICENSE-2.0},
    howpublished  = "\url{https://www.apache.org/licenses/LICENSE-2.0}"
}
@misc{RoyalCDKeys,
    author = "RoyalCDKeys",
    title = "Microsoft Windows 10 Home OEM KEY",
    url = {https://es.royalcdkeys.com/products/microsoft-windows-10-home-oem-key},
    howpublished  = "\url{https://es.royalcdkeys.com/products/microsoft-windows-10-home-oem-key}"
}
